@article{ruder2016overview,
  title={An overview of gradient descent optimization algorithms},
  author={Ruder, Sebastian},
  journal={arXiv preprint arXiv:1609.04747},
  year={2016}
}

@incollection{siebertz2017statistische,
  title={Statistische Modellbildung},
  author={Siebertz, Karl and van Bebber, David and Hochkirchen, Thomas},
  booktitle={Statistische Versuchsplanung},
  pages={87--137},
  year={2017},
  publisher={Springer}
}

@book{retzlaff1978statistische,
  title={Statistische Versuchsplanung: Planung naturwissenschaftlicher Experimente und ihre Auswertung mit statistischen Methoden},
  author={Retzlaff, Gisela and Rust, Gerhard and Waibel, J{\"u}rgen},
  year={1978},
  publisher={Verlag Chemie}
}

@article{hoevelmann1993statistische,
  title={Statistische Versuchsplanung einmal anders},
  author={Hoevelmann, F and Otten, H and Pohl, D},
  journal={QUALITAT UND ZUVERLASSIGKEIT},
  volume={38},
  pages={285--285},
  year={1993},
  publisher={CARL HANSER VERLAG}
}

@article{schweitzer1992off,
  title={Off-line-Qualit{\"a}tskontrolle und statistische Versuchsplanung},
  author={Schweitzer, Walter and Baumgartner, Cornelia},
  journal={Zeitschrift f{\"u}r Betriebswirtschaft},
  number={1},
  pages={75--100},
  year={1992}
}

@incollection{siebertz2017doe,
  title={DoE Beispiele},
  author={Siebertz, Karl and van Bebber, David and Hochkirchen, Thomas},
  booktitle={Statistische Versuchsplanung},
  pages={159--177},
  year={2017},
  publisher={Springer}
}