@book{fraenti2014structural,
  title={Structural, Syntactic, and Statistical Pattern Recognition: Joint IAPR International Workshop, S+SSPR 2014, Joensuu, Finland, August 20-22, 2014, Proceedings},
  author={Fr{\"a}nti, P. and Brown, G. and Loog, M. and Escolano, F. and Pelillo, M.},
  isbn={9783662444153},
  lccn={2014945232},
  series={Lecture Notes in Computer Science},
  url={https://books.google.de/books?id=O\_lEBAAAQBAJ},
  year={2014},
  publisher={Springer Berlin Heidelberg}
}

 @article{kalman,
    author = "R. E. Kalman",
    title = "A New Approach to Linear Filtering and Prediction Problems",
    journal = "Journal of Basic Engineering",
    year = 1960,
    howpublished = "\url{https://asmedigitalcollection.asme.org/fluidsengineering/article-abstract/82/1/35/397706}"
 }

 @article{kim,
    author = "Jong-Yun Kim and Tae-Yong Kim",
    title = "Soccer Ball Tracking Using Dynamic Kalman Filter with Velocity Control",
    journal = "IEEE, Tianjin, China",
    year = 2009,
    howpublished = "\url{https://ieeexplore.ieee.org/abstract/document/5298809}"
 }

@article{jia,
    author = "Yan-Bin Jia et. al.",
    title = "Trajectory of a Billiard Ball and Recovery of Its Initial Velocities",
    journal = "Department of Computer Science Iowa State University",
    year = 2011,
    howpublished = "\url{http://web.cs.iastate.edu/~jia/papers/billiard-analysis.pdf}"
 }

@article{shiuh,
    author = "Shiuh-KuWeng et. al.",
    title = "Video object tracking using adaptive Kalman filter",
    journal = "Journal of Visual Communication and Image Representation",
    year = 2006,
    howpublished = "\url{https://www.sciencedirect.com/science/article/pii/S1047320306000113}"
 }

@article{salzmann,
    author = "Mathieu Salzmann and Raquel Urtasun",
    title = "Physically-based motion models for 3D tracking: A convex formulation",
    journal = "International Conference on Computer Vision",
    year = 2011,
    howpublished = "\url{https://ieeexplore.ieee.org/abstract/document/6126480}"
 }

@article{schwarz,
    author = "A. H. Mohamed and K. P. Schwarz",
    title = "Adaptive Kalman Filtering for INS/GPS",
    journal = "Journal of Geodesy",
    year = 1999,
    howpublished = "\url{https://link.springer.com/content/pdf/10.1007%2Fs001900050236.pdf}"
 }

 @article{sarkka,
    author = "Simo Sarkka and Aapo Nummenmaa",
    title = "Recursive Noise Adaptive Kalman Filtering by Variational Bayesian Approximations",
    journal = "IEEE Transactions on Automatic Control",
    year = 2009,
    howpublished = "\url{https://ieeexplore.ieee.org/abstract/document/4796261}"
 }

 @article{kropatsch,
    author = "Aysylu Gabdulkhakova and Walter G. Kropatsch",
    title = "Video analysis of a snooker footage based on a kinematic model",
    journal = "Vienna University of Technology",
    year = 2012,
    howpublished = "\url{https://www.prip.tuwien.ac.at/people/krw/more/papers/2014/SSPR/Gabdulkhakova2014a.pdf}"
 }

 @article{ruder2016overview,
  title={An overview of gradient descent optimization algorithms},
  author={Ruder, Sebastian},
  journal={arXiv preprint arXiv:1609.04747},
  year={2016}
}