@article{ballspeed,
    title = {Typical Pool Ball Speeds},
    howpublished = {\url{https://billiards.colostate.edu/faq/speed/typical/}},
    note = {Accessed: 05.06.2020}
}